<record><leader>00000cas a2200000 a 4500</leader><controlfield tag="001">12288307</controlfield><controlfield tag="008">850722d187u1878miuwr ne      0    0eng d</controlfield><datafield ind1=" " ind2=" " tag="010"><subfield code="a">sn 85026583 </subfield></datafield><datafield ind1=" " ind2=" " tag="040"><subfield code="a">NPX</subfield><subfield code="b">eng</subfield><subfield code="c">NPX</subfield><subfield code="d">MHN</subfield><subfield code="d">OCL</subfield><subfield code="d">OCLCQ</subfield></datafield><datafield ind1=" " ind2=" " tag="042"><subfield code="a">msc</subfield></datafield><datafield ind1=" " ind2=" " tag="043"><subfield code="a">n-us-mi</subfield></datafield><datafield ind1="0" ind2="0" tag="245"><subfield code="a">Sturgis journal-times.</subfield></datafield><datafield ind1=" " ind2=" " tag="260"><subfield code="a">Sturgis, Mich. :</subfield><subfield code="b">T.F. Thornton</subfield></datafield><datafield ind1=" " ind2=" " tag="300"><subfield code="a">v.</subfield></datafield><datafield ind1=" " ind2=" " tag="310"><subfield code="a">Weekly</subfield></datafield><datafield ind1="0" ind2=" " tag="362"><subfield code="a">-v. 17, no. 39 (Mar. 21, 1878).</subfield></datafield><datafield ind1=" " ind2=" " tag="500"><subfield code="a">Editor: T.F. Thornton, &lt;1876&gt;.</subfield></datafield><datafield ind1=" " ind2=" " tag="500"><subfield code="a">Publishers: T.F. Thornton, &lt;1876&gt;; Thornton &amp; Mattingly, &lt;1876&gt;.</subfield></datafield><datafield ind1=" " ind2=" " tag="500"><subfield code="a">"Republican," &lt;1876&gt;.</subfield></datafield><datafield ind1=" " ind2=" " tag="580"><subfield code="a">Formed by the union of: Sturgis journal (Sturgis, Mich. : 1861) and: Sturgis times.</subfield></datafield><datafield ind1=" " ind2=" " tag="588"><subfield code="a">Description based on: Vol. 15, no. 44 (Apr. 20, 1876).</subfield></datafield><datafield ind1=" " ind2="1" tag="651"><subfield code="a">Sturgis (Mich.)</subfield><subfield code="v">Newspapers.</subfield></datafield><datafield ind1=" " ind2="1" tag="651"><subfield code="a">Saint Joseph County (Mich.)</subfield><subfield code="v">Newspapers.</subfield></datafield><datafield ind1=" " ind2=" " tag="752"><subfield code="a">United States</subfield><subfield code="b">Michigan</subfield><subfield code="c">Saint Joseph</subfield><subfield code="d">Sturgis.</subfield></datafield><datafield ind1="1" ind2="4" tag="780"><subfield code="t">Sturgis journal (Sturgis, Mich. : 1861)</subfield><subfield code="w">(DLC)sn 85033813</subfield><subfield code="w">(OCoLC)12277320</subfield></datafield><datafield ind1="1" ind2="4" tag="780"><subfield code="t">Sturgis times</subfield><subfield code="w">(DLC)sn 97070576</subfield><subfield code="w">(OCoLC)38212859</subfield></datafield><datafield ind1="0" ind2="0" tag="785"><subfield code="t">Sturgis journal (Sturgis, Mich. : 1878)</subfield><subfield code="w">(DLC)sn 97070657</subfield><subfield code="w">(OCoLC)38212901</subfield></datafield></record>